@Book{xie2015,
  title = {Dynamic Documents with {R} and knitr},
  author = {Yihui Xie},
  publisher = {Chapman and Hall/CRC},
  address = {Boca Raton, Florida},
  year = {2015},
  edition = {2nd},
  note = {ISBN 978-1498716963},
  url = {http://yihui.org/knitr/},
}

@article{berry2016pricing,
  title={Pricing of Private Education in Urban India: Demand, Use and Impact},
  author={Berry, James and Mukherjee, Priya},
  journal={Unpublished manuscript. Ithaca, NY: Cornell University},
  year={2016}
}


@techreport{kline2021systemic,
  title={Systemic Discrimination Among Large US Employers},
  author={Kline, Patrick M and Rose, Evan K and Walters, Christopher R},
  journal={Quarterly Journal of Economics},
  year={2022}
}

@article{deming2013profit,
  title={For-profit colleges},
  author={Deming, David and Goldin, Claudia and Katz, Lawrence},
  journal={The future of children},
  pages={137--163},
  year={2013},
  publisher={JSTOR}
}

@article{greenstone2022can,
  title={Can Technology Solve the Principal-Agent Problem? Evidence from China's War on Air Pollution},
  author={Greenstone, Michael and He, Guojun and Jia, Ruixue and Liu, Tong},
  journal={American Economic Review: Insights},
  volume={4},
  number={1},
  pages={54--70},
  year={2022}
}

@article{upshot,
 author  = {Quealy, Kevin and Cox, Amanda and Katz, Josh},
 date    = {2015-02-17},
 title   = {At Chipotle, How Many Calories Do People Eat},
 journal = {New York Times: The Upshot},
 url     = {https://www.nytimes.com/interactive/2015/02/17/upshot/what-do-people-actually-order-at-chipotle.html},
 urldate = {2022-02-17}
}

@article{kalinowski2017endogenous,
  title={Endogenous Driving Behavior in Veil of Darkness Tests for Racial Profiling},
  author={Kalinowski, Jesse and Ross, Stephen L and Ross, Matthew B and others},
  journal={Human capital and economic opportunity (HCEO) working paper},
  volume={17},
  year={2017}
}

@article{grogger2006testing,
  title={Testing for Racial Profiling in Traffic Stops from Behind a Veil of Darkness},
  author={Grogger, Jeffrey and Ridgeway, Greg},
  journal={Journal of the American Statistical Association},
  volume={101},
  number={475},
  pages={878--887},
  year={2006},
  publisher={Taylor \& Francis}
}

@article{pratham2017,
  title={Annual Status of Education Report 2016},
  year={2017},
  publisher={New Delhi: Pratham}
}

@article{msg2019disrupting,
  title={Disrupting Education? Experimental Evidence on Technology-aided Instruction in India},
  author={Muralidharan, Karthik and Singh, Abhijeet and Ganimian, Alejandro J},
  journal={American Economic Review},
  volume={109},
  number={4},
  pages={1426--60},
  year={2019}
}


@article{bertrand2004emily,
  title={Are Emily and Greg more employable than Lakisha and Jamal? A field experiment on labor market discrimination},
  author={Bertrand, Marianne and Mullainathan, Sendhil},
  journal={American economic review},
  volume={94},
  number={4},
  pages={991--1013},
  year={2004}
}
